@misc{zoom_status,
  author = {BusinessofApps},
  title  = {Zoom Revenue and Usage Statistics (accessed on 2024/01/03)},
  url    = {https://www.businessofapps.com/data/zoom-statistics/}
}

@misc{teams_status,
  author = {BusinessofApps},
  title  = {Microsoft Teams Revenue and Usage Statistics (accessed on 2024/01/03)},
  url    = {https://www.businessofapps.com/data/microsoft-teams-statistics/}
}

@misc{slack_status,
  author = {BusinessofApps},
  title  = {Slack Revenue and Usage Statistics (accessed on 2024/01/03)},
  url    = {https://www.businessofapps.com/data/slack-statistics/}
}

@misc{discord_status,
  author = {BusinessofApps},
  title  = {Discord Revenue and Usage Statistics (accessed on 2024/01/03)},
  url    = {https://www.businessofapps.com/data/discord-statistics/}
}

@article{virtualization_overview,
  author  = {Sharma, Srinarayan and Park, Young},
  year    = {2011},
  month   = {05},
  pages   = {1-37},
  title   = {VIRTUALIZATION: A REVIEW AND FUTURE DIRECTIONS Executive Overview},
  volume  = {1},
  journal = {American Journal of Information Technology}
}

@misc{vr_usecase,
  author = {DATAMATICS},
  title  = {10 Stunning Use Cases of AR/VR for Event Management (accessed on 2024/01/04)},
  url    = {https://blog.datamatics.com/10-stunning-use-cases-of-ar-vr-for-event-management}
}

@misc{vr_museum,
  author = {MuseumNext},
  title  = {Virtual Reality is a big trend in museums, but what are the best examples of museums using VR? (accessed on 2024/01/05)},
  url    = {https://www.museumnext.com/article/how-museums-are-using-virtual-reality/}
}

@misc{vr_museum_ieee,
  author = {IEEE TRANSMITTER},
  title  = {Experience History and Art In a Whole New Way with AR and VR in Museums (accessed on 2024/01/04)},
  url    = {https://transmitter.ieee.org/ar-vr-in-museums/}
}

@article{10.3389/frobt.2019.00091,
  author  = {Bekele, Mafkereseb Kassahun and Champion, Erik},
  title   = {A Comparison of Immersive Realities and Interaction Methods: Cultural Learning in Virtual Heritage},
  journal = {Frontiers in Robotics and AI},
  volume  = {6},
  year    = {2019},
  url     = {https://www.frontiersin.org/articles/10.3389/frobt.2019.00091},
  doi     = {10.3389/frobt.2019.00091},
  issn    = {2296-9144}
}

@article{10.1371/journal.pone.0249127,
  doi       = {10.1371/journal.pone.0249127},
  author    = {Aczel, Balazs AND Kovacs, Marton AND van der Lippe, Tanja AND Szaszi, Barnabas},
  journal   = {PLOS ONE},
  publisher = {Public Library of Science},
  title     = {Researchers working from home: Benefits and challenges},
  year      = {2021},
  month     = {03},
  volume    = {16},
  url       = {https://doi.org/10.1371/journal.pone.0249127},
  pages     = {1-13},
  number    = {3}
}

@article{10.1371/journal.pone.0274728,
  doi       = {10.1371/journal.pone.0274728},
  author    = {Hackney, Amy AND Yung, Marcus AND Somasundram, Kumara G. AND Nowrouzi-Kia, Behdin AND Oakman, Jodi AND Yazdani, Amin},
  journal   = {PLOS ONE},
  publisher = {Public Library of Science},
  title     = {Working in the digital economy: A systematic review of the impact of work from home arrangements on personal and organizational performance and productivity},
  year      = {2022},
  month     = {10},
  volume    = {17},
  url       = {https://doi.org/10.1371/journal.pone.0274728},
  pages     = {1-25},
  number    = {10}
}
@article{Yang2022,
  author  = {Longqi Yang and David Holtz and Sonia Jaffe and Siddharth Suri and Shilpi Sinha and Jeffrey Weston and Connor Joyce and Neha Shah and Kevin Sherman and Brent Hecht and Jaime Teevan},
  title   = {The effects of remote work on collaboration among information workers},
  journal = {Nature Human Behaviour},
  year    = {2022},
  date    = {2022/01/01},
  volume  = {6},
  number  = {1},
  pages   = {43--54},
  issn    = {2397-3374},
  url     = {https://doi.org/10.1038/s41562-021-01196-4},
  doi     = {10.1038/s41562-021-01196-4}
}

@inproceedings{inproceedings,
  author = {Sokolic, Danijela},
  year   = {2022},
  month  = {02},
  title  = {REMOTE WORK AND HYBRID WORK ORGANIZATIONS}
}

@misc{SJ2023,
  author = {Sivaprakash J S and Venkatesh M},
  title  = {The Impact of Remote Work on Employee Productivity and Well-being: A Comparative Study of Pre- and Post-COVID-19 Era},
  year   = {2023},
  month  = {May},
  day    = {18},
  note   = {PREPRINT (Version 1) available at Research Square},
  url    = {https://doi.org/10.21203/rs.3.rs-2926406/v1},
  doi    = {10.21203/rs.3.rs-2926406/v1}
}

@misc{americans_embracing,
  author = {McKinsey \& Company},
  title  = {Americans are embracing flexible workâ€”and they want more of it (accessed on 2024/01/05)},
  url    = {https://www.mckinsey.com/industries/real-estate/our-insights/americans-are-embracing-flexible-work-and-they-want-more-of-it}
}

@misc{covid_reshaping,
  author = {Pew Research Center},
  title  = {COVID-19 Pandemic Continues To Reshape Work in America (accessed on 2024/01/06)},
  url    = {https://www.pewresearch.org/social-trends/2022/02/16/covid-19-pandemic-continues-to-reshape-work-in-america/}
}

@misc{future_of_work,
  author = {McKinsey \& Company},
  title  = {The future of work after COVID-19 (accessed on 2024/01/10)},
  url    = {https://www.mckinsey.com/featured-insights/future-of-work/the-future-of-work-after-covid-19}
}

@misc{what_executives_say,
  author = {McKinsey \& Company},
  title  = {What executives are saying about the future of hybrid work (accessed on 2024/01/10)},
  url    = {https://www.mckinsey.com/capabilities/people-and-organizational-performance/our-insights/what-executives-are-saying-about-the-future-of-hybrid-work}
}

@misc{telepresence_robot,
  author = {iPresence},
  title  = {What is a telepresence avatar robot? (accessed on 2024/01/06)},
  url    = {https://ipresence.jp/telepresence_avatar_robot_products/}
}

@misc{telebeauty,
  author = {watashi by shiseido},
  title  = {TeleBeauty (accessed on 2024/01/10)},
  url    = {https://www.shiseido.co.jp/sw/beautyinfo/telebeauty/}
}

@misc{spatial_example,
  author = {Metaverse tips},
  title  = {Basic knowledge of the metaverse (accessed on 2024/01/10)},
  url    = {https://metaverse-tips.lipronext.com/knowledge/about-spatial/#4Spatial%E3%81%AE%E3%83%93%E3%82%B8%E3%83%8D%E3%82%B9%E6%B4%BB%E7%94%A8%E4%BA%8B%E4%BE%8B4%E9%81%B8}
}